@book{hunt2007rfid,
  title={RFID: a guide to radio frequency identification},
  author={Hunt, V Daniel and Puglia, Albert and Puglia, Mike},
  year={2007},
  publisher={John Wiley \& Sons}
}
% RFID block figure
@article{laran2004basic,
  title={A basic introduction to RFID technology and its use in the supply chain},
  author={Laran, RFID},
  journal={White paper, April},
  volume={4},
  year={2004}
}
% RUYLE_DISSERTATION
@phdthesis{ruyle2012small,
  title={Small, dual band, placement insensitive antennas},
  author={Ruyle, Jessica},
  year={2012},
  school={University of Illinois at Urbana-Champaign}
}
% Placement-insensitive flexible RFID [paper]
@article{ruyle2016placement,
  title={Placement-insensitive flexible RFID antenna for ‘peel-and-stick’applications},
  author={Ruyle, Jessica E and Moreno, Alexander and Bernhard, Jennifer T},
  journal={IET Microwaves, Antennas \& Propagation},
  volume={11},
  number={3},
  pages={433--441},
  year={2016},
  publisher={IET}
}
% 2016 presentation of RFID on metallic objects
@article{moreno2016RzGain,
    author={Moreno, Alexander and Ruyle, Jessica E and Palmer, Ashley M},
    title={Investigation of Radiation Characteristics for a Serrated Parallel Plate Structure},
    journal={in Proc. 2016 IEEE URSI International Symposium on Antennas and Propagation},
    year={2016}
}


@article{sinclair1947measurement,
  title={Measurement of aircraft-antenna patterns using models},
  author={Sinclair, George and Jordan, EC and Vaughan, EW},
  journal={Proceedings of the IRE},
  volume={35},
  number={12},
  pages={1451--1462},
  year={1947},
  publisher={IEEE}
}
@article{king1949measurement,
  title={The measurement and interpretation of antenna scattering},
  author={King, DD},
  journal={Proceedings of the IRE},
  volume={37},
  number={7},
  pages={770--777},
  year={1949},
  publisher={IEEE}
}
@article{appel1979accurate,
  title={ACCURATE DETERMINATION OF GAIN AND RADIATION PATTERNS BY RADAR CROSS-SECTION MEASUREMENTS},
  author={APPEL, HANSEN and others},
  year={1979}
}
@article{jay1977standard,
  title={A Standard Dictionary of Electrical and Electronics Terms},
  author={Jay, Frank},
  journal={The Institute of electrical and Electronics Engineering Inc., New York},
  year={1977}
}


%%
@article{huff2002improvements,
  title={Improvements in the performance of microstrip antennas on finite ground planes through ground plane edge serrations},
  author={Huff, GH and Bernhard, JT},
  journal={IEEE microwave and wireless components letters},
  volume={12},
  number={8},
  pages={308--310},
  year={2002},
  publisher={Institute of Electrical and Electronics Engineers}
}

@book{pozar,
  title={Microwave engineering, 4th},
  author={Pozar, David M},
  year={2009},
  publisher={John Wiley \& Sons}
}

@book{balanis_ant_thry,
  title={Antenna theory: analysis and design},
  author={Balanis, Constantine A},
  volume={1},
  year={2005},
  publisher={John Wiley \& Sons}
}

@book{ant_handbook,
  title={Microstrip antenna design handbook},
  author={Garg, Ramesh},
  year={2001},
  publisher={Artech House}
}

@article{Gv,
    title={Radio Communication Circuits and Systems},
    author={Franke, S.},
    year={2008},
    school={University of Illinois},
}

@article{hunton1960analysis,
  title={Analysis of microwave measurement techniques by means of signal flow graphs},
  author={Hunton, JK},
  journal={Microwave Theory and Techniques, IRE Transactions on},
  volume={8},
  number={2},
  pages={206--212},
  year={1960},
  publisher={IEEE}
}

@book{ahn2006asymmetric,
  title={Asymmetric passive components in microwave integrated circuits},
  author={Ahn, Hee-Ran},
  volume={182},
  year={2006},
  publisher={John Wiley \& Sons}
}

@article{nemoto1968microwave,
  title={Microwave circuit analysis using the equivalent generator concept},
  author={Nemoto, Toshio and Wait, David F},
  journal={Microwave Theory and Techniques, IEEE Transactions on},
  volume={16},
  number={10},
  pages={866--873},
  year={1968},
  publisher={IEEE}
}

@misc{frei2009multi,
  title={Multi-port {S}-parameter and {T}-parameter conversion},
  author={Frei, James M and Cai, Xiao-Ding and Muller, Stephen A},
  year={2009},
  month=dec # "~1",
  publisher={Google Patents},
  note={US Patent 7,627,028}
}

@article{er,
  title={Accurate model for open end effect of microstrip lines},
  author={Kirschning, M and Jansen, Rolf H and Koster, NHL},
  journal={Electronics Letters},
  volume={17},
  number={3},
  pages={123--125},
  year={1981},
  publisher={IET}
}

@inproceedings{er2,
  title={Accurate models for microstrip computer-aided design},
  author={Hammerstad, E and Jensen, O},
  booktitle={Microwave Symposium Digest, 1980 IEEE MTT-S International},
  pages={407--409},
  year={1980}
}

@article{dielectric_compute,
  title={Resonant frequencies of rectangular microstrip antennas with flush and spaced dielectric superstrates},
  author={Bernhard, Jennifer T and Tousignant, Carolyn J},
  journal={Antennas and Propagation, IEEE Transactions on},
  volume={47},
  number={2},
  pages={302--308},
  year={1999},
  publisher={IEEE}
}

@book{balanis2012advanced,
  title={Advanced Engineering Electromagnetics},
  author={Balanis, Constantine A},
  volume={111},
  year={2012},
  publisher={Wiley Online Library}
}

@phdthesis{Z0,
  title={Infrared Tapered Slot Antennas Coupled to Tunnel Diodes},
  author={Florence, Louis A},
  year={2012},
  school={University of Central Florida Orlando, Florida}
}

@article{cohn1969slot,
  title={Slot line on a dielectric substrate},
  author={Cohn, Seymour B},
  journal={Microwave Theory and Techniques, IEEE Transactions on},
  volume={17},
  number={10},
  pages={768--778},
  year={1969},
  publisher={IEEE}
}

@phdthesis{ruyle,
    title={SMALL, DUAL BAND, PLACEMENT INSENSITIVE ANTENNAS},
    author={Ruyle, Jessica E},
    year={2011},
    school={University of Illinois, Illinois}
}

@article{rfid,
  title={An overview of passive {RFID}},
  author={Chawla, Vipul and Ha, Dong Sam},
  journal={Communications Magazine, IEEE},
  volume={45},
  number={9},
  pages={11--17},
  year={2007},
  publisher={IEEE}
}

@inproceedings{dipole1,
  title={The effects of a metal ground plane on {RFID} tag antennas},
  author={Prothro, Joel T and Durgin, Gregory D and Griffin, Joshua D},
  booktitle={IEEE Antennas and Propagation Society International Symposium},
  pages={3241--3244},
  year={2006}
}

@article{dipole_spiral1,
  title={Design of planar {RFID} tag antenna for metallic objects},
  author={Cho, C and Choo, H and Park, I},
  journal={Electronics letters},
  volume={44},
  number={3},
  pages={175--177},
  year={2008},
  publisher={IET}
}

@article{reflectPlane,
  title={Improving the performance properties of a dipole element closely spaced to a {PEC} ground plane},
  author={Best, Steven R},
  journal={Antennas and Wireless Propagation Letters, IEEE},
  volume={3},
  number={1},
  pages={359--363},
  year={2004},
  publisher={IEEE}
}

@article{serrating,
  title={Performance trade-off between serrated edge and blended rolled edge compact range reflectors},
  author={Lee, Teh-Hong and Burnside, Walter D},
  journal={Antennas and Propagation, IEEE Transactions on},
  volume={44},
  number={1},
  pages={87--96},
  year={1996},
  publisher={IEEE}
}

@article{ppmode,
  title={Physics-based {CAD} models for the analysis of vias in parallel-plate environments},
  author={Abhari, Ramesh and Eleftheriades, George V and Deventer-Perkins, Van and others},
  journal={Microwave Theory and Techniques, IEEE Transactions on},
  volume={49},
  number={10},
  pages={1697--1707},
  year={2001},
  publisher={IEEE}
}

@article{rfid2,
  title={{RFID} : a technical overview and its application to the enterprise},
  author={Weinstein, Ron},
  journal={IT professional},
  volume={7},
  number={3},
  pages={27--33},
  year={2005},
  publisher={IEEE}
}